<?xml version="1.0" encoding="UTF-8"?>
<!DOCTYPE html PUBLIC "-//W3C//DTD XHTML 1.0 Transitional//EN"
    "http://www.w3.org/TR/xhtml1/DTD/xhtml1-transitional.dtd">
<html xmlns="http://www.w3.org/1999/xhtml" xml:lang="en" lang="en">
 <head>
  <title>
</title>
<meta http-equiv="Content-Type" content="text/html;charset=utf-8" />
  <meta name='ocr-system' content='tesseract 3.04.00' />
  <meta name='ocr-capabilities' content='ocr_page ocr_carea ocr_par ocr_line ocrx_word'/>
</head>
<body>
  <div class='ocr_page' id='page_1' title='image "./dictyscretensis00gallgoog/dictyscretensis00gallgoog_0270.png"; bbox 0 0 4650 5492; ppageno 0'>
   <div class='ocr_carea' id='block_1_1' title="bbox 414 338 1982 3665">
    <p class='ocr_par' dir='ltr' id='par_1_1' title="bbox 414 338 1982 2117">
     <span class='ocr_line' id='line_1_1' title="bbox 585 338 1711 451; baseline -0.005 -13"><span class='ocrx_word' id='word_1_1' title='bbox 585 338 654 438; x_wconf 79' lang='lat' dir='ltr'>&#39;rn</span> <span class='ocrx_word' id='word_1_2' title='bbox 890 351 1230 430; x_wconf 75' lang='lat' dir='ltr'>DARETIS</span> <span class='ocrx_word' id='word_1_3' title='bbox 1275 351 1615 451; x_wconf 79' lang='lat' dir='ltr'>nun-sorr</span> <span class='ocrx_word' id='word_1_4' title='bbox 1708 365 1711 377; x_wconf 94' lang='lat'>·</span> 
     </span>
     <span class='ocr_line' id='line_1_2' title="bbox 469 461 1928 572; baseline -0.001 -21"><span class='ocrx_word' id='word_1_5' title='bbox 469 557 474 566; x_wconf 63' lang='grc'>,</span> <span class='ocrx_word' id='word_1_6' title='bbox 498 557 503 563; x_wconf 62' lang='grc'>,</span> <span class='ocrx_word' id='word_1_7' title='bbox 582 461 696 560; x_wconf 69' lang='lat' dir='ltr'>¹venit,</span> <span class='ocrx_word' id='word_1_8' title='bbox 722 475 881 552; x_wconf 87' lang='lat' dir='ltr'>mandata</span> <span class='ocrx_word' id='word_1_9' title='bbox 896 475 996 550; x_wconf 84' lang='lat' dir='ltr'>dicit:</span> <span class='ocrx_word' id='word_1_10' title='bbox 1020 472 1161 550; x_wconf 86' lang='lat' dir='ltr'>Hecuba</span> <span class='ocrx_word' id='word_1_11' title='bbox 1174 472 1344 572; x_wconf 89' lang='lat' dir='ltr'>respondit</span> <span class='ocrx_word' id='word_1_12' title='bbox 1357 475 1389 549; x_wconf 88' lang='lat' dir='ltr'>se</span> <span class='ocrx_word' id='word_1_13' title='bbox 1402 479 1508 558; x_wconf 88' lang='lat' dir='ltr'>velle,</span> <span class='ocrx_word' id='word_1_14' title='bbox 1529 469 1619 558; x_wconf 64' lang='lat' dir='ltr'>eost</span> <span class='ocrx_word' id='word_1_15' title='bbox 1635 468 1770 547; x_wconf 80' lang='lat' dir='ltr'>Priartm</span> <span class='ocrx_word' id='word_1_16' title='bbox 1784 471 1857 547; x_wconf 83' lang='lat' dir='ltr'>tito</span> <span class='ocrx_word' id='word_1_17' title='bbox 1870 471 1928 550; x_wconf 72' lang='lat' dir='ltr'>ito</span> 
     </span>
     <span class='ocr_line' id='line_1_3' title="bbox 487 569 1926 672; baseline 0.002 -26"><span class='ocrx_word' id='word_1_18' title='bbox 487 648 492 662; x_wconf 75' lang='grc'><strong>,</strong></span> <span class='ocrx_word' id='word_1_19' title='bbox 584 579 731 672; x_wconf 86' lang='lat' dir='ltr'>placeat:</span> <span class='ocrx_word' id='word_1_20' title='bbox 755 575 839 647; x_wconf 89' lang='lat' dir='ltr'>dum</span> <span class='ocrx_word' id='word_1_21' title='bbox 855 571 922 668; x_wconf 88' lang='lat' dir='ltr'>ipsa</span> <span class='ocrx_word' id='word_1_22' title='bbox 936 597 1015 645; x_wconf 91' lang='lat' dir='ltr'>cum</span> <span class='ocrx_word' id='word_1_23' title='bbox 1030 575 1160 646; x_wconf 85' lang='lat' dir='ltr'>Priamo</span> <span class='ocrx_word' id='word_1_24' title='bbox 1172 593 1268 670; x_wconf 86' lang='lat' dir='ltr'>agat,</span> <span class='ocrx_word' id='word_1_25' title='bbox 1291 569 1532 656; x_wconf 80' lang='lat' dir='ltr'>servusteuetti</span> <span class='ocrx_word' id='word_1_26' title='bbox 1545 572 1696 660; x_wconf 79' lang='lat' dir='ltr'>jubetote</span> <span class='ocrx_word' id='word_1_27' title='bbox 1717 569 1926 668; x_wconf 66' lang='lat' dir='ltr'>erresquod</span> 
     </span>
     <span class='ocr_line' id='line_1_4' title="bbox 575 665 1926 768; baseline 0.004 -31"><span class='ocrx_word' id='word_1_28' title='bbox 575 669 697 768; x_wconf 73' lang='lat' dir='ltr'>¹egisset</span> <span class='ocrx_word' id='word_1_29' title='bbox 713 670 830 742; x_wconf 80' lang='lat' dir='ltr'>Achilli</span> <span class='ocrx_word' id='word_1_30' title='bbox 845 671 994 744; x_wconf 83' lang='lat' dir='ltr'>nunciat.</span> <span class='ocrx_word' id='word_1_31' title='bbox 1043 676 1279 766; x_wconf 78' lang='lat' dir='ltr'>Agamemnon</span> <span class='ocrx_word' id='word_1_32' title='bbox 1293 694 1374 742; x_wconf 92' lang='lat' dir='ltr'>cum</span> <span class='ocrx_word' id='word_1_33' title='bbox 1399 692 1525 765; x_wconf 89' lang='lat' dir='ltr'>magno</span> <span class='ocrx_word' id='word_1_34' title='bbox 1548 665 1737 762; x_wconf 79' lang='lat' dir='ltr'>&#39;commeatu</span> <span class='ocrx_word' id='word_1_35' title='bbox 1755 669 1798 741; x_wconf 80' lang='lat' dir='ltr'>ad</span> <span class='ocrx_word' id='word_1_36' title='bbox 1820 669 1926 743; x_wconf 77' lang='lat' dir='ltr'>casira</span> 
     </span>
     <span class='ocr_line' id='line_1_5' title="bbox 583 763 1926 860; baseline -0.005 -19"><span class='ocrx_word' id='word_1_37' title='bbox 583 767 766 841; x_wconf 85' lang='lat' dir='ltr'>reuertitur.</span> <span class='ocrx_word' id='word_1_38' title='bbox 793 766 936 840; x_wconf 87' lang='lat' dir='ltr'>Hecuba</span> <span class='ocrx_word' id='word_1_39' title='bbox 950 789 1027 840; x_wconf 91' lang='lat' dir='ltr'>curn</span> <span class='ocrx_word' id='word_1_40' title='bbox 1040 770 1173 838; x_wconf 84' lang='lat' dir='ltr'>Priamo</span> <span class='ocrx_word' id='word_1_41' title='bbox 1187 772 1217 820; x_wconf 83' lang='lat'>⁷²</span> <span class='ocrx_word' id='word_1_42' title='bbox 1233 767 1275 838; x_wconf 93' lang='lat' dir='ltr'>de</span> <span class='ocrx_word' id='word_1_43' title='bbox 1290 766 1491 839; x_wconf 90' lang='lat' dir='ltr'>conditione</span> <span class='ocrx_word' id='word_1_44' title='bbox 1501 763 1639 837; x_wconf 85' lang='lat' dir='ltr'>Achillis</span> <span class='ocrx_word' id='word_1_45' title='bbox 1652 765 1926 860; x_wconf 52' lang='lat' dir='ltr'>roquirere-urin</span> 
     </span>
     <span class='ocr_line' id='line_1_6' title="bbox 581 859 1959 960; baseline -0.007 -20"><span class='ocrx_word' id='word_1_46' title='bbox 581 859 1959 960; x_wconf 46' lang='lat' dir='ltr'>mmmmfflmfflmMmmmfflman</span> 
     </span>
     <span class='ocr_line' id='line_1_7' title="bbox 584 954 1926 1042; baseline -0.002 -10"><span class='ocrx_word' id='word_1_47' title='bbox 584 959 769 1042; x_wconf 72' lang='lat' dir='ltr'>existimete</span> <span class='ocrx_word' id='word_1_48' title='bbox 795 957 848 1034; x_wconf 92' lang='lat' dir='ltr'>sed</span> <span class='ocrx_word' id='word_1_49' title='bbox 862 957 883 1031; x_wconf 84' lang='lat' dir='ltr'>si</span> <span class='ocrx_word' id='word_1_50' title='bbox 898 961 929 1032; x_wconf 91' lang='lat' dir='ltr'>ei</span> <span class='ocrx_word' id='word_1_51' title='bbox 944 961 1091 1039; x_wconf 86' lang='lat' dir='ltr'>dederit,</span> <span class='ocrx_word' id='word_1_52' title='bbox 1108 966 1141 1030; x_wconf 78' lang='lat' dir='ltr'>dc</span> <span class='ocrx_word' id='word_1_53' title='bbox 1152 955 1340 1041; x_wconf 74' lang='lat' dir='ltr'>discesserit,</span> <span class='ocrx_word' id='word_1_54' title='bbox 1356 978 1486 1031; x_wconf 89' lang='lat' dir='ltr'>ceteros</span> <span class='ocrx_word' id='word_1_55' title='bbox 1498 979 1571 1039; x_wconf 87' lang='lat' dir='ltr'>non</span> <span class='ocrx_word' id='word_1_56' title='bbox 1582 954 1791 1029; x_wconf 76' lang='lat' dir='ltr'>discessurose</span> <span class='ocrx_word' id='word_1_57' title='bbox 1813 967 1847 1026; x_wconf 76' lang='lat' dir='ltr'>ot</span> <span class='ocrx_word' id='word_1_58' title='bbox 1858 957 1926 1029; x_wconf 87' lang='lat' dir='ltr'>ini·-</span> 
     </span>
     <span class='ocr_line' id='line_1_8' title="bbox 581 1049 1945 1152; baseline -0.005 -26"><span class='ocrx_word' id='word_1_59' title='bbox 581 1051 692 1152; x_wconf 87' lang='lat' dir='ltr'>&#39;quum</span> <span class='ocrx_word' id='word_1_60' title='bbox 705 1055 789 1138; x_wconf 86' lang='lat' dir='ltr'>elle,</span> <span class='ocrx_word' id='word_1_61' title='bbox 814 1056 917 1129; x_wconf 86' lang='lat' dir='ltr'>filiam</span> <span class='ocrx_word' id='word_1_62' title='bbox 932 1053 1020 1130; x_wconf 89' lang='lat' dir='ltr'>suam</span> <span class='ocrx_word' id='word_1_63' title='bbox 1033 1053 1120 1126; x_wconf 81' lang='lat' dir='ltr'>hosii</span> <span class='ocrx_word' id='word_1_64' title='bbox 1131 1054 1281 1149; x_wconf 85' lang='lat' dir='ltr'>jungere.</span> <span class='ocrx_word' id='word_1_65' title='bbox 1306 1061 1524 1152; x_wconf 84' lang='lat' dir='ltr'>Quapropter</span> <span class='ocrx_word' id='word_1_66' title='bbox 1540 1052 1564 1123; x_wconf 82' lang='lat' dir='ltr'>fi</span> <span class='ocrx_word' id='word_1_67' title='bbox 1579 1052 1614 1126; x_wconf 91' lang='lat' dir='ltr'>id</span> <span class='ocrx_word' id='word_1_68' title='bbox 1629 1049 1700 1123; x_wconf 86' lang='lat' dir='ltr'>fieri</span> <span class='ocrx_word' id='word_1_69' title='bbox 1714 1054 1766 1124; x_wconf 79' lang='lat' dir='ltr'>vel</span> <span class='ocrx_word' id='word_1_70' title='bbox 1823 1099 1835 1133; x_wconf 87' lang='lat'><strong>,</strong></span> <span class='ocrx_word' id='word_1_71' title='bbox 1858 1067 1945 1147; x_wconf 72' lang='lat' dir='ltr'>pax·</span> 
     </span>
     <span class='ocr_line' id='line_1_9' title="bbox 580 1145 1927 1250; baseline 0 -26"><span class='ocrx_word' id='word_1_72' title='bbox 580 1145 831 1250; x_wconf 74' lang='lat' dir='ltr'>perpetuabat.</span> <span class='ocrx_word' id='word_1_73' title='bbox 856 1161 889 1224; x_wconf 79' lang='lat' dir='ltr'>dc</span> <span class='ocrx_word' id='word_1_74' title='bbox 905 1151 1069 1226; x_wconf 86' lang='lat' dir='ltr'>exercitus</span> <span class='ocrx_word' id='word_1_75' title='bbox 1081 1149 1248 1232; x_wconf 90' lang='lat' dir='ltr'>discedat,</span> <span class='ocrx_word' id='word_1_76' title='bbox 1271 1147 1406 1224; x_wconf 81' lang='lat' dir='ltr'>foederis</span> <span class='ocrx_word' id='word_1_77' title='bbox 1415 1149 1690 1241; x_wconf 74' lang='lat' dir='ltr'>iurasancia&#39;ntur.</span> <span class='ocrx_word' id='word_1_78' title='bbox 1714 1151 1766 1221; x_wconf 82' lang='lat' dir='ltr'>Sii</span> <span class='ocrx_word' id='word_1_79' title='bbox 1798 1145 1927 1224; x_wconf 72' lang='lat' dir='ltr'>fanum</span> 
     </span>
     <span class='ocr_line' id='line_1_10' title="bbox 574 1242 1923 1346; baseline 0.001 -28"><span class='ocrx_word' id='word_1_80' title='bbox 574 1245 640 1330; x_wconf 81' lang='lat' dir='ltr'>sat,</span> <span class='ocrx_word' id='word_1_81' title='bbox 663 1248 693 1322; x_wconf 90' lang='lat' dir='ltr'>se</span> <span class='ocrx_word' id='word_1_82' title='bbox 709 1251 740 1324; x_wconf 94' lang='lat' dir='ltr'>ei</span> <span class='ocrx_word' id='word_1_83' title='bbox 754 1251 893 1322; x_wconf 88' lang='lat' dir='ltr'>libenter</span> <span class='ocrx_word' id='word_1_84' title='bbox 902 1246 1177 1320; x_wconf 87' lang='lat' dir='ltr'>filiamdaturum.</span> <span class='ocrx_word' id='word_1_85' title='bbox 1202 1253 1324 1344; x_wconf 86' lang='lat' dir='ltr'>ltaque</span> <span class='ocrx_word' id='word_1_86' title='bbox 1336 1271 1443 1346; x_wconf 91' lang='lat' dir='ltr'>quum</span> <span class='ocrx_word' id='word_1_87' title='bbox 1456 1243 1614 1320; x_wconf 88' lang='lat' dir='ltr'>lervnsa&#39;d</span> <span class='ocrx_word' id='word_1_88' title='bbox 1627 1246 1801 1321; x_wconf 81' lang='lat' dir='ltr'>Hecubam</span> <span class='ocrx_word' id='word_1_89' title='bbox 1809 1242 1923 1319; x_wconf 82' lang='lat' dir='ltr'>misius</span> 
     </span>
     <span class='ocr_line' id='line_1_11' title="bbox 543 1341 1982 1439; baseline -0.002 -21"><span class='ocrx_word' id='word_1_90' title='bbox 543 1381 550 1396; x_wconf 94' lang='lat'><strong>·</strong></span> <span class='ocrx_word' id='word_1_91' title='bbox 579 1341 714 1420; x_wconf 76' lang='lat' dir='ltr'>essetab</span> <span class='ocrx_word' id='word_1_92' title='bbox 728 1345 858 1418; x_wconf 78' lang='lat' dir='ltr'>Achille</span> <span class='ocrx_word' id='word_1_93' title='bbox 874 1351 904 1397; x_wconf 79' lang='lat'>⁷³</span> <span class='ocrx_word' id='word_1_94' title='bbox 929 1343 1047 1418; x_wconf 89' lang='lat' dir='ltr'>eadem</span> <span class='ocrx_word' id='word_1_95' title='bbox 1071 1345 1214 1416; x_wconf 87' lang='lat' dir='ltr'>Hecuba</span> <span class='ocrx_word' id='word_1_96' title='bbox 1235 1367 1311 1439; x_wconf 87' lang='lat' dir='ltr'>quae</span> <span class='ocrx_word' id='word_1_97' title='bbox 1335 1359 1413 1418; x_wconf 83' lang='lat' dir='ltr'>cum</span> <span class='ocrx_word' id='word_1_98' title='bbox 1430 1345 1565 1418; x_wconf 83' lang='lat' dir='ltr'>Priamo</span> <span class='ocrx_word' id='word_1_99' title='bbox 1586 1362 1698 1439; x_wconf 85' lang='lat' dir='ltr'>egerat</span> <span class='ocrx_word' id='word_1_100' title='bbox 1710 1342 1802 1415; x_wconf 82' lang='lat' dir='ltr'>servo</span> <span class='ocrx_word' id='word_1_101' title='bbox 1817 1341 1982 1418; x_wconf 73' lang='lat' dir='ltr'>aiciert·</span> 
     </span>
     <span class='ocr_line' id='line_1_12' title="bbox 573 1437 1921 1537; baseline -0.002 -24"><span class='ocrx_word' id='word_1_102' title='bbox 573 1437 686 1528; x_wconf 72' lang='lat' dir='ltr'>seruus</span> <span class='ocrx_word' id='word_1_103' title='bbox 705 1441 825 1515; x_wconf 83' lang='lat' dir='ltr'>Achilli</span> <span class='ocrx_word' id='word_1_104' title='bbox 841 1440 994 1513; x_wconf 86' lang='lat' dir='ltr'>nunciat:</span> <span class='ocrx_word' id='word_1_105' title='bbox 1021 1437 1163 1513; x_wconf 91' lang='lat' dir='ltr'>Achilles</span> <span class='ocrx_word' id='word_1_106' title='bbox 1176 1441 1278 1536; x_wconf 88' lang='lat' dir='ltr'>vulgo</span> <span class='ocrx_word' id='word_1_107' title='bbox 1294 1442 1481 1537; x_wconf 80' lang='lat' dir='ltr'>queritur,</span> <span class='ocrx_word' id='word_1_108' title='bbox 1513 1441 1616 1512; x_wconf 91' lang='lat' dir='ltr'>unius</span> <span class='ocrx_word' id='word_1_109' title='bbox 1628 1439 1921 1511; x_wconf 81' lang='lat' dir='ltr'>mulierisHelenae</span> 
     </span>
     <span class='ocr_line' id='line_1_13' title="bbox 578 1536 1920 1633; baseline 0 -25"><span class='ocrx_word' id='word_1_110' title='bbox 578 1536 672 1610; x_wconf 84' lang='lat' dir='ltr'>causa</span> <span class='ocrx_word' id='word_1_111' title='bbox 694 1555 805 1610; x_wconf 90' lang='lat' dir='ltr'>totam</span> <span class='ocrx_word' id='word_1_112' title='bbox 825 1537 992 1609; x_wconf 83' lang='lat' dir='ltr'>Graeciam</span> <span class='ocrx_word' id='word_1_113' title='bbox 1005 1538 1224 1632; x_wconf 89' lang='lat' dir='ltr'>&amp;Europam</span> <span class='ocrx_word' id='word_1_114' title='bbox 1238 1539 1439 1612; x_wconf 85' lang='lat' dir='ltr'>advocatam</span> <span class='ocrx_word' id='word_1_115' title='bbox 1453 1537 1518 1612; x_wconf 85' lang='lat' dir='ltr'>esic</span> <span class='ocrx_word' id='word_1_116' title='bbox 1535 1584 1545 1617; x_wconf 82' lang='lat'>.</span> <span class='ocrx_word' id='word_1_117' title='bbox 1575 1555 1676 1607; x_wconf 90' lang='lat' dir='ltr'>tanto</span> <span class='ocrx_word' id='word_1_118' title='bbox 1693 1553 1847 1633; x_wconf 89' lang='lat' dir='ltr'>tempore</span> <span class='ocrx_word' id='word_1_119' title='bbox 1861 1553 1920 1608; x_wconf 87' lang='lat' dir='ltr'>tot</span> 
     </span>
     <span class='ocr_line' id='line_1_14' title="bbox 573 1630 1917 1731; baseline 0.001 -29"><span class='ocrx_word' id='word_1_120' title='bbox 573 1630 678 1707; x_wconf 78' lang='lat' dir='ltr'>&#39;millia</span> <span class='ocrx_word' id='word_1_121' title='bbox 691 1630 1035 1731; x_wconf 84' lang='lat' dir='ltr'>hominum&#39;periille,</span> <span class='ocrx_word' id='word_1_122' title='bbox 1057 1649 1112 1705; x_wconf 94' lang='lat' dir='ltr'>tot</span> <span class='ocrx_word' id='word_1_123' title='bbox 1123 1633 1270 1728; x_wconf 85' lang='lat' dir='ltr'>pericula</span> <span class='ocrx_word' id='word_1_124' title='bbox 1283 1634 1369 1708; x_wconf 88' lang='lat' dir='ltr'>adiri</span> <span class='ocrx_word' id='word_1_125' title='bbox 1386 1682 1396 1715; x_wconf 86' lang='lat'>‚</span> <span class='ocrx_word' id='word_1_126' title='bbox 1423 1635 1615 1708; x_wconf 85' lang='lat' dir='ltr'>libertatem</span> <span class='ocrx_word' id='word_1_127' title='bbox 1628 1633 1662 1703; x_wconf 89' lang='lat' dir='ltr'>in</span> <span class='ocrx_word' id='word_1_128' title='bbox 1679 1631 1819 1727; x_wconf 88' lang='lat' dir='ltr'>ancipiti</span> <span class='ocrx_word' id='word_1_129' title='bbox 1834 1630 1917 1706; x_wconf 73' lang='lat' dir='ltr'>elien</span> 
     </span>
     <span class='ocr_line' id='line_1_15' title="bbox 575 1727 1918 1826; baseline 0.002 -27"><span class='ocrx_word' id='word_1_130' title='bbox 575 1733 607 1781; x_wconf 82' lang='lat'>⁷⁴</span> <span class='ocrx_word' id='word_1_131' title='bbox 630 1731 721 1802; x_wconf 93' lang='lat' dir='ltr'>unde</span> <span class='ocrx_word' id='word_1_132' title='bbox 733 1729 806 1805; x_wconf 88' lang='lat' dir='ltr'>fieri</span> <span class='ocrx_word' id='word_1_133' title='bbox 818 1752 936 1826; x_wconf 85' lang='lat' dir='ltr'>pacem</span> <span class='ocrx_word' id='word_1_134' title='bbox 951 1729 1089 1812; x_wconf 87' lang='lat' dir='ltr'>debere,</span> <span class='ocrx_word' id='word_1_135' title='bbox 1114 1733 1279 1802; x_wconf 85' lang='lat' dir='ltr'>exercitus</span> <span class='ocrx_word' id='word_1_136' title='bbox 1293 1731 1458 1804; x_wconf 84' lang='lat' dir='ltr'>recedere.</span> <span class='ocrx_word' id='word_1_137' title='bbox 1483 1732 1606 1804; x_wconf 87' lang='lat' dir='ltr'>Annus</span> <span class='ocrx_word' id='word_1_138' title='bbox 1619 1729 1842 1803; x_wconf 72' lang='lat' dir='ltr'>circumastus</span> <span class='ocrx_word' id='word_1_139' title='bbox 1858 1727 1918 1802; x_wconf 79' lang='lat' dir='ltr'>esi.</span> 
     </span>
     <span class='ocr_line' id='line_1_16' title="bbox 450 1809 1978 1924; baseline 0.001 -25"><span class='ocrx_word' id='word_1_140' title='bbox 450 1829 558 1890; x_wconf 70' lang='lat' dir='ltr'>ernon</span> <span class='ocrx_word' id='word_1_141' title='bbox 571 1809 768 1924; x_wconf 66' lang='lat' dir='ltr'>Palamedes</span> <span class='ocrx_word' id='word_1_142' title='bbox 782 1827 970 1900; x_wconf 84' lang='lat' dir='ltr'>exercitum</span> <span class='ocrx_word' id='word_1_143' title='bbox 981 1823 1121 1908; x_wconf 84' lang='lat' dir='ltr'>educit,</span> <span class='ocrx_word' id='word_1_144' title='bbox 1147 1825 1289 1900; x_wconf 86' lang='lat' dir='ltr'>instruit.</span> <span class='ocrx_word' id='word_1_145' title='bbox 1318 1825 1524 1922; x_wconf 88' lang='lat' dir='ltr'>Deiphobus</span> <span class='ocrx_word' id='word_1_146' title='bbox 1537 1845 1666 1902; x_wconf 82' lang='lat' dir='ltr'>contra</span> <span class='ocrx_word' id='word_1_147' title='bbox 1699 1826 1843 1898; x_wconf 87' lang='lat' dir='ltr'>Achilles</span> <span class='ocrx_word' id='word_1_148' title='bbox 1857 1820 1978 1907; x_wconf 70' lang='lat' dir='ltr'>ira-&#39;¹5&#39;</span> 
     </span>
     <span class='ocr_line' id='line_1_17' title="bbox 449 1921 1915 2019; baseline -0.001 -25"><span class='ocrx_word' id='word_1_149' title='bbox 449 1921 556 1968; x_wconf 58' lang='grc' dir='ltr'>ΜΗ·</span> <span class='ocrx_word' id='word_1_150' title='bbox 575 1940 629 1994; x_wconf 89' lang='lat' dir='ltr'>tus</span> <span class='ocrx_word' id='word_1_151' title='bbox 642 1924 676 1993; x_wconf 93' lang='lat' dir='ltr'>in</span> <span class='ocrx_word' id='word_1_152' title='bbox 694 1921 837 2017; x_wconf 80' lang='lat' dir='ltr'>pralium</span> <span class='ocrx_word' id='word_1_153' title='bbox 851 1947 922 1996; x_wconf 91' lang='lat' dir='ltr'>non</span> <span class='ocrx_word' id='word_1_154' title='bbox 935 1921 1072 2019; x_wconf 82' lang='lat' dir='ltr'>prodit.&#39;</span> <span class='ocrx_word' id='word_1_155' title='bbox 1086 1921 1277 1999; x_wconf 83' lang='lat' dir='ltr'>Palamedes</span> <span class='ocrx_word' id='word_1_156' title='bbox 1289 1925 1500 1998; x_wconf 80' lang='lat' dir='ltr'>occasionem</span> <span class='ocrx_word' id='word_1_157' title='bbox 1513 1925 1646 2004; x_wconf 75' lang='lat' dir='ltr'>itacius,</span> <span class='ocrx_word' id='word_1_158' title='bbox 1670 1922 1915 2015; x_wconf 87' lang='lat' dir='ltr'>impreffionem</span> 
     </span>
     <span class='ocr_line' id='line_1_18' title="bbox 414 2009 1916 2117; baseline -0.002 -25"><span class='ocrx_word' id='word_1_159' title='bbox 414 2009 422 2022; x_wconf 79' lang='grc'><strong><em>’</em></strong></span> <span class='ocrx_word' id='word_1_160' title='bbox 575 2017 611 2092; x_wconf 91' lang='lat' dir='ltr'>in</span> <span class='ocrx_word' id='word_1_161' title='bbox 626 2017 850 2114; x_wconf 90' lang='lat' dir='ltr'>Deiphobum</span> <span class='ocrx_word' id='word_1_162' title='bbox 868 2016 966 2100; x_wconf 79' lang='lat' dir='ltr'>fecit,</span> <span class='ocrx_word' id='word_1_163' title='bbox 990 2023 1018 2070; x_wconf 82' lang='lat'>⁷⁵</span> <span class='ocrx_word' id='word_1_164' title='bbox 1029 2021 1060 2086; x_wconf 76' lang='grc' dir='ltr'>δι</span> <span class='ocrx_word' id='word_1_165' title='bbox 1079 2040 1158 2092; x_wconf 90' lang='lat' dir='ltr'>eum</span> <span class='ocrx_word' id='word_1_166' title='bbox 1173 2021 1371 2093; x_wconf 86' lang='lat' dir='ltr'>obtruncat:</span> <span class='ocrx_word' id='word_1_167' title='bbox 1393 2024 1540 2117; x_wconf 81' lang='lat' dir='ltr'>praelium</span> <span class='ocrx_word' id='word_1_168' title='bbox 1555 2017 1797 2111; x_wconf 87' lang='lat' dir='ltr'>acreinsurgie,</span> <span class='ocrx_word' id='word_1_169' title='bbox 1819 2016 1916 2089; x_wconf 86' lang='lat' dir='ltr'>abu-</span> 
     </span>
    </p>

    <p class='ocr_par' dir='ltr' id='par_1_2' title="bbox 448 2109 1976 2502">
     <span class='ocr_line' id='line_1_19' title="bbox 448 2109 1917 2210; baseline 0.005 -28"><span class='ocrx_word' id='word_1_170' title='bbox 448 2175 451 2182; x_wconf 93' lang='lat'>.</span> <span class='ocrx_word' id='word_1_171' title='bbox 573 2109 635 2188; x_wconf 93' lang='lat' dir='ltr'>tris</span> <span class='ocrx_word' id='word_1_172' title='bbox 653 2137 695 2185; x_wconf 89' lang='lat' dir='ltr'>ue</span> <span class='ocrx_word' id='word_1_173' title='bbox 709 2115 861 2210; x_wconf 86' lang='lat' dir='ltr'>partibus</span> <span class='ocrx_word' id='word_1_174' title='bbox 873 2117 977 2186; x_wconf 89' lang='lat' dir='ltr'>multa</span> <span class='ocrx_word' id='word_1_175' title='bbox 990 2112 1088 2186; x_wconf 87' lang='lat' dir='ltr'>milia</span> <span class='ocrx_word' id='word_1_176' title='bbox 1101 2115 1279 2188; x_wconf 88' lang='lat' dir='ltr'>hominum</span> <span class='ocrx_word' id='word_1_177' title='bbox 1299 2119 1438 2190; x_wconf 87' lang='lat' dir='ltr'>cadunt.</span> <span class='ocrx_word' id='word_1_178' title='bbox 1461 2112 1655 2192; x_wconf 83' lang='lat' dir='ltr'>Palamedes</span> <span class='ocrx_word' id='word_1_179' title='bbox 1668 2113 1705 2184; x_wconf 92' lang='lat' dir='ltr'>in</span> <span class='ocrx_word' id='word_1_180' title='bbox 1720 2114 1829 2210; x_wconf 85' lang='lat' dir='ltr'>prima</span> <span class='ocrx_word' id='word_1_181' title='bbox 1841 2113 1917 2189; x_wconf 89' lang='lat' dir='ltr'>acie</span> 
     </span>
     <span class='ocr_line' id='line_1_20' title="bbox 573 2138 1917 2310; baseline 0.001 -29"><span class='ocrx_word' id='word_1_182' title='bbox 573 2138 733 2304; x_wconf 70' lang='lat' dir='ltr'>versertur:</span> <span class='ocrx_word' id='word_1_183' title='bbox 756 2209 982 2306; x_wconf 87' lang='lat' dir='ltr'>hortaturque</span> <span class='ocrx_word' id='word_1_184' title='bbox 997 2230 1035 2281; x_wconf 91' lang='lat' dir='ltr'>ut</span> <span class='ocrx_word' id='word_1_185' title='bbox 1050 2211 1198 2305; x_wconf 79' lang='lat' dir='ltr'>pralium</span> <span class='ocrx_word' id='word_1_186' title='bbox 1212 2210 1345 2286; x_wconf 91' lang='lat' dir='ltr'>sortiter</span> <span class='ocrx_word' id='word_1_187' title='bbox 1356 2233 1485 2310; x_wconf 86' lang='lat' dir='ltr'>gerant.</span> <span class='ocrx_word' id='word_1_188' title='bbox 1507 2211 1639 2285; x_wconf 88' lang='lat' dir='ltr'>Contra</span> <span class='ocrx_word' id='word_1_189' title='bbox 1653 2233 1731 2282; x_wconf 90' lang='lat' dir='ltr'>eum</span> <span class='ocrx_word' id='word_1_190' title='bbox 1743 2210 1917 2305; x_wconf 78' lang='lat' dir='ltr'>Sarpedon</span> 
     </span>
     <span class='ocr_line' id='line_1_21' title="bbox 571 2303 1976 2403; baseline -0.004 -25"><span class='ocrx_word' id='word_1_191' title='bbox 571 2303 704 2403; x_wconf 83' lang='lat' dir='ltr'>Lycius</span> <span class='ocrx_word' id='word_1_192' title='bbox 717 2307 878 2392; x_wconf 88' lang='lat' dir='ltr'>occurrit,</span> <span class='ocrx_word' id='word_1_193' title='bbox 902 2307 933 2362; x_wconf 77' lang='lat'>⁷⁶</span> <span class='ocrx_word' id='word_1_194' title='bbox 944 2329 1091 2402; x_wconf 90' lang='lat' dir='ltr'>eumque</span> <span class='ocrx_word' id='word_1_195' title='bbox 1106 2306 1298 2382; x_wconf 83' lang='lat' dir='ltr'>Palamedes</span> <span class='ocrx_word' id='word_1_196' title='bbox 1314 2307 1485 2382; x_wconf 80' lang='lat' dir='ltr'>interficit</span> <span class='ocrx_word' id='word_1_197' title='bbox 1510 2312 1563 2381; x_wconf 86' lang='lat' dir='ltr'>Eo</span> <span class='ocrx_word' id='word_1_198' title='bbox 1578 2305 1670 2381; x_wconf 71' lang='lat' dir='ltr'>fastu</span> <span class='ocrx_word' id='word_1_199' title='bbox 1686 2309 1782 2379; x_wconf 76' lang='lat' dir='ltr'>latus</span> <span class='ocrx_word' id='word_1_200' title='bbox 1794 2307 1829 2377; x_wconf 87' lang='lat' dir='ltr'>in</span> <span class='ocrx_word' id='word_1_201' title='bbox 1843 2307 1914 2380; x_wconf 91' lang='lat' dir='ltr'>acie</span> <span class='ocrx_word' id='word_1_202' title='bbox 1929 2313 1976 2372; x_wconf 60' lang='grc' dir='ltr'>πο</span> 
     </span>
     <span class='ocr_line' id='line_1_22' title="bbox 572 2397 1921 2502; baseline -0.002 -24"><span class='ocrx_word' id='word_1_203' title='bbox 572 2398 726 2478; x_wconf 85' lang='lat' dir='ltr'>versatur.</span> <span class='ocrx_word' id='word_1_204' title='bbox 777 2399 844 2476; x_wconf 91' lang='lat' dir='ltr'>Cui</span> <span class='ocrx_word' id='word_1_205' title='bbox 867 2404 1040 2478; x_wconf 77' lang='lat' dir='ltr'>exsultanti</span> <span class='ocrx_word' id='word_1_206' title='bbox 1060 2407 1263 2496; x_wconf 86' lang='lat' dir='ltr'>&amp;glorianti</span> <span class='ocrx_word' id='word_1_207' title='bbox 1285 2413 1316 2460; x_wconf 89' lang='grc'>77</span> <span class='ocrx_word' id='word_1_208' title='bbox 1339 2406 1526 2480; x_wconf 84' lang='lat' dir='ltr'>Alexander</span> <span class='ocrx_word' id='word_1_209' title='bbox 1550 2403 1640 2476; x_wconf 87' lang='lat' dir='ltr'>Paris</span> <span class='ocrx_word' id='word_1_210' title='bbox 1657 2397 1774 2501; x_wconf 83' lang='lat' dir='ltr'>sagitta</span> <span class='ocrx_word' id='word_1_211' title='bbox 1788 2405 1921 2502; x_wconf 27' lang='lat' dir='ltr'>collum·</span> 
     </span>
    </p>

    <p class='ocr_par' dir='ltr' id='par_1_3' title="bbox 555 2497 1914 2602">
     <span class='ocr_line' id='line_1_23' title="bbox 555 2497 1914 2602; baseline -0.001 -28"><span class='ocrx_word' id='word_1_212' title='bbox 555 2499 750 2598; x_wconf 77' lang='lat' dir='ltr'>·,transsigit.</span> <span class='ocrx_word' id='word_1_213' title='bbox 773 2497 923 2602; x_wconf 76' lang='lat' dir='ltr'>Phryges</span> <span class='ocrx_word' id='word_1_214' title='bbox 933 2498 1223 2584; x_wconf 79' lang='lat' dir='ltr'>animadvertunt,</span> <span class='ocrx_word' id='word_1_215' title='bbox 1248 2503 1311 2573; x_wconf 90' lang='lat' dir='ltr'>tela</span> <span class='ocrx_word' id='word_1_216' title='bbox 1325 2503 1529 2590; x_wconf 68' lang='lat' dir='ltr'>coniciunt,</span> <span class='ocrx_word' id='word_1_217' title='bbox 1552 2502 1710 2596; x_wconf 88' lang='lat' dir='ltr'>atqueita</span> <span class='ocrx_word' id='word_1_218' title='bbox 1719 2499 1914 2573; x_wconf 85' lang='lat' dir='ltr'>Palamedes</span> 
     </span>
    </p>

    <p class='ocr_par' dir='ltr' id='par_1_4' title="bbox 566 2592 1912 2698">
     <span class='ocr_line' id='line_1_24' title="bbox 566 2592 1912 2698; baseline -0.002 -26"><span class='ocrx_word' id='word_1_219' title='bbox 566 2596 749 2672; x_wconf 82' lang='lat' dir='ltr'>occiditur.</span> <span class='ocrx_word' id='word_1_220' title='bbox 794 2597 887 2698; x_wconf 89' lang='lat' dir='ltr'>Rege</span> <span class='ocrx_word' id='word_1_221' title='bbox 900 2592 1030 2680; x_wconf 84' lang='lat' dir='ltr'>occis0,</span> <span class='ocrx_word' id='word_1_222' title='bbox 1055 2595 1172 2692; x_wconf 87' lang='lat' dir='ltr'>Argivi</span> <span class='ocrx_word' id='word_1_223' title='bbox 1185 2597 1335 2680; x_wconf 85' lang='lat' dir='ltr'>cedunt,</span> <span class='ocrx_word' id='word_1_224' title='bbox 1357 2599 1493 2688; x_wconf 78' lang='lat' dir='ltr'>Troiani</span> <span class='ocrx_word' id='word_1_225' title='bbox 1508 2597 1775 2696; x_wconf 82' lang='lat' dir='ltr'>persequuntur,</span> <span class='ocrx_word' id='word_1_226' title='bbox 1806 2594 1912 2669; x_wconf 80' lang='lat' dir='ltr'>calita</span> 
     </span>
    </p>

    <p class='ocr_par' dir='ltr' id='par_1_5' title="bbox 559 2689 1971 2887">
     <span class='ocr_line' id='line_1_25' title="bbox 559 2689 1971 2863; baseline -0.004 -97"><span class='ocrx_word' id='word_1_227' title='bbox 559 2716 594 2770; x_wconf 85' lang='lat' dir='ltr'>¹o</span> <span class='ocrx_word' id='word_1_228' title='bbox 618 2711 787 2804; x_wconf 84' lang='lat' dir='ltr'>pugnant,</span> <span class='ocrx_word' id='word_1_229' title='bbox 809 2716 911 2769; x_wconf 81' lang='lat' dir='ltr'>naves</span> <span class='ocrx_word' id='word_1_230' title='bbox 927 2689 1132 2775; x_wconf 88' lang='lat' dir='ltr'>incendunt,</span> <span class='ocrx_word' id='word_1_231' title='bbox 1155 2695 1268 2766; x_wconf 77' lang='lat' dir='ltr'>cunbii</span> <span class='ocrx_word' id='word_1_232' title='bbox 1285 2696 1532 2792; x_wconf 84' lang='lat' dir='ltr'>impteffionem</span> <span class='ocrx_word' id='word_1_233' title='bbox 1540 2693 1683 2774; x_wconf 82' lang='lat' dir='ltr'>faciunt,</span> <span class='ocrx_word' id='word_1_234' title='bbox 1704 2691 1911 2863; x_wconf 55' lang='lat' dir='ltr'>tueppitetA·</span> <span class='ocrx_word' id='word_1_235' title='bbox 1967 2775 1971 2779; x_wconf 36' lang='grc'><strong>,</strong></span> 
     </span>
     <span class='ocr_line' id='line_1_26' title="bbox 616 2787 1966 2887; baseline -0.004 -19"><span class='ocrx_word' id='word_1_236' title='bbox 616 2791 668 2868; x_wconf 78' lang='lat' dir='ltr'>m</span> <span class='ocrx_word' id='word_1_237' title='bbox 679 2809 773 2886; x_wconf 86' lang='lat' dir='ltr'>terga</span> <span class='ocrx_word' id='word_1_238' title='bbox 790 2809 948 2871; x_wconf 82' lang='lat' dir='ltr'>uertunt,</span> <span class='ocrx_word' id='word_1_239' title='bbox 969 2789 1003 2861; x_wconf 94' lang='lat' dir='ltr'>in</span> <span class='ocrx_word' id='word_1_240' title='bbox 1020 2787 1121 2862; x_wconf 79' lang='lat' dir='ltr'>casira</span> <span class='ocrx_word' id='word_1_241' title='bbox 1137 2787 1354 2887; x_wconf 85' lang='lat' dir='ltr'>confugiunt.</span> <span class='ocrx_word' id='word_1_242' title='bbox 1385 2793 1504 2871; x_wconf 82' lang='lat' dir='ltr'>Achiui</span> <span class='ocrx_word' id='word_1_243' title='bbox 1519 2790 1715 2866; x_wconf 86' lang='lat' dir='ltr'>nunciatum</span> <span class='ocrx_word' id='word_1_244' title='bbox 1783 2816 1794 2861; x_wconf 83' lang='lat' dir='ltr'>e</span> <span class='ocrx_word' id='word_1_245' title='bbox 1818 2787 1910 2861; x_wconf 79' lang='lat' dir='ltr'>dish·</span> <span class='ocrx_word' id='word_1_246' title='bbox 1924 2791 1966 2862; x_wconf 80' lang='lat'>²5</span> 
     </span>
    </p>

    <p class='ocr_par' dir='ltr' id='par_1_6' title="bbox 570 2881 1909 2984">
     <span class='ocr_line' id='line_1_27' title="bbox 570 2881 1909 2984; baseline 0.002 -26"><span class='ocrx_word' id='word_1_247' title='bbox 570 2885 686 2959; x_wconf 81' lang='lat' dir='ltr'>molat.</span> <span class='ocrx_word' id='word_1_248' title='bbox 737 2881 770 2942; x_wconf 80' lang='lat'>²⁸</span> <span class='ocrx_word' id='word_1_249' title='bbox 794 2887 877 2975; x_wconf 85' lang='lat' dir='ltr'>Ajax</span> <span class='ocrx_word' id='word_1_250' title='bbox 897 2888 1114 2958; x_wconf 85' lang='lat' dir='ltr'>Telamonius</span> <span class='ocrx_word' id='word_1_251' title='bbox 1128 2881 1299 2963; x_wconf 75' lang='lat' dir='ltr'>fortissime</span> <span class='ocrx_word' id='word_1_252' title='bbox 1315 2887 1494 2965; x_wconf 81' lang='lat' dir='ltr'>defendite</span> <span class='ocrx_word' id='word_1_253' title='bbox 1517 2911 1587 2961; x_wconf 84' lang='lat' dir='ltr'>nox</span> <span class='ocrx_word' id='word_1_254' title='bbox 1601 2885 1748 2984; x_wconf 76' lang='lat' dir='ltr'>prelium</span> <span class='ocrx_word' id='word_1_255' title='bbox 1766 2883 1909 2961; x_wconf 83' lang='lat' dir='ltr'>dirimit.</span> 
     </span>
    </p>

    <p class='ocr_par' dir='ltr' id='par_1_7' title="bbox 445 2973 1911 3089">
     <span class='ocr_line' id='line_1_28' title="bbox 445 2973 1911 3089; baseline 0.005 -38"><span class='ocrx_word' id='word_1_256' title='bbox 445 2973 453 2988; x_wconf 81' lang='lat'>&#39;</span> <span class='ocrx_word' id='word_1_257' title='bbox 504 2983 509 2992; x_wconf 79' lang='grc'><em>“</em></span> <span class='ocrx_word' id='word_1_258' title='bbox 568 2981 685 3078; x_wconf 84' lang='lat' dir='ltr'>Argivi</span> <span class='ocrx_word' id='word_1_259' title='bbox 698 2980 855 3064; x_wconf 73' lang='lat' dir='ltr'>incastris</span> <span class='ocrx_word' id='word_1_260' title='bbox 872 2982 1055 3062; x_wconf 83' lang='lat' dir='ltr'>Palamedis</span> <span class='ocrx_word' id='word_1_261' title='bbox 1069 2978 1260 3066; x_wconf 86' lang='lat' dir='ltr'>scientiam,</span> <span class='ocrx_word' id='word_1_262' title='bbox 1290 2989 1509 3089; x_wconf 73' lang='lat' dir='ltr'>nequitatem.</span> <span class='ocrx_word' id='word_1_263' title='bbox 1538 2985 1742 3066; x_wconf 82' lang='lat' dir='ltr'>bonitatem,</span> <span class='ocrx_word' id='word_1_264' title='bbox 1766 2987 1911 3058; x_wconf 86' lang='lat' dir='ltr'>clemen·</span> 
     </span>
    </p>

    <p class='ocr_par' dir='ltr' id='par_1_8' title="bbox 441 3075 1980 3176">
     <span class='ocr_line' id='line_1_29' title="bbox 441 3075 1980 3176; baseline 0 -24"><span class='ocrx_word' id='word_1_265' title='bbox 441 3113 550 3176; x_wconf 55' lang='lat' dir='ltr'>cm,</span> <span class='ocrx_word' id='word_1_266' title='bbox 569 3075 651 3152; x_wconf 90' lang='lat' dir='ltr'>tiaru</span> <span class='ocrx_word' id='word_1_267' title='bbox 670 3081 900 3154; x_wconf 83' lang='lat' dir='ltr'>lamentantur.</span> <span class='ocrx_word' id='word_1_268' title='bbox 946 3079 1086 3166; x_wconf 77' lang='lat' dir='ltr'>Troiani</span> <span class='ocrx_word' id='word_1_269' title='bbox 1098 3075 1326 3174; x_wconf 81' lang='lat' dir='ltr'>Sarpedonem</span> <span class='ocrx_word' id='word_1_270' title='bbox 1343 3079 1611 3176; x_wconf 82' lang='lat' dir='ltr'>&amp;Deiphobum</span> <span class='ocrx_word' id='word_1_271' title='bbox 1625 3078 1761 3149; x_wconf 87' lang='lat' dir='ltr'>deflent.</span> <span class='ocrx_word' id='word_1_272' title='bbox 1783 3076 1909 3152; x_wconf 75' lang='lat' dir='ltr'>Nelloe</span> <span class='ocrx_word' id='word_1_273' title='bbox 1976 3110 1980 3118; x_wconf 90' lang='lat'><em>·</em></span> 
     </span>
    </p>

    <p class='ocr_par' dir='ltr' id='par_1_9' title="bbox 465 3157 1969 3665">
     <span class='ocr_line' id='line_1_30' title="bbox 465 3157 1969 3271; baseline -0.003 -25"><span class='ocrx_word' id='word_1_274' title='bbox 465 3205 539 3248; x_wconf 73' lang='lat' dir='ltr'>extr.</span> <span class='ocrx_word' id='word_1_275' title='bbox 570 3173 632 3271; x_wconf 90' lang='lat' dir='ltr'>qui</span> <span class='ocrx_word' id='word_1_276' title='bbox 644 3157 751 3263; x_wconf 76' lang='lat' dir='ltr'>maior</span> <span class='ocrx_word' id='word_1_277' title='bbox 761 3194 830 3250; x_wconf 91' lang='lat' dir='ltr'>erat</span> <span class='ocrx_word' id='word_1_278' title='bbox 846 3193 929 3250; x_wconf 87' lang='lat' dir='ltr'>natu</span> <span class='ocrx_word' id='word_1_279' title='bbox 943 3178 1046 3249; x_wconf 78' lang='lat' dir='ltr'>nodio</span> <span class='ocrx_word' id='word_1_280' title='bbox 1058 3178 1160 3249; x_wconf 90' lang='lat' dir='ltr'>duces</span> <span class='ocrx_word' id='word_1_281' title='bbox 1172 3176 1205 3249; x_wconf 90' lang='lat' dir='ltr'>in</span> <span class='ocrx_word' id='word_1_282' title='bbox 1220 3173 1393 3247; x_wconf 78' lang='lat' dir='ltr'>confilium</span> <span class='ocrx_word' id='word_1_283' title='bbox 1404 3193 1549 3256; x_wconf 85' lang='lat' dir='ltr'>evocat,</span> <span class='ocrx_word' id='word_1_284' title='bbox 1578 3169 1711 3254; x_wconf 85' lang='lat' dir='ltr'>suadet,</span> <span class='ocrx_word' id='word_1_285' title='bbox 1736 3171 1907 3254; x_wconf 80' lang='lat' dir='ltr'>hortatur,</span> <span class='ocrx_word' id='word_1_286' title='bbox 1965 3246 1969 3254; x_wconf 72' lang='grc'><strong>,</strong></span> 
     </span>
     <span class='ocr_line' id='line_1_31' title="bbox 569 3265 1969 3370; baseline -0.005 -25"><span class='ocrx_word' id='word_1_287' title='bbox 569 3273 620 3345; x_wconf 89' lang='lat' dir='ltr'>uti</span> <span class='ocrx_word' id='word_1_288' title='bbox 637 3273 873 3366; x_wconf 88' lang='lat' dir='ltr'>imperatorem</span> <span class='ocrx_word' id='word_1_289' title='bbox 888 3272 1084 3370; x_wconf 83' lang='lat' dir='ltr'>praeficiant,</span> <span class='ocrx_word' id='word_1_290' title='bbox 1109 3281 1143 3343; x_wconf 77' lang='grc' dir='ltr'>δι</span> <span class='ocrx_word' id='word_1_291' title='bbox 1158 3269 1243 3344; x_wconf 85' lang='lat' dir='ltr'>fieis</span> <span class='ocrx_word' id='word_1_292' title='bbox 1259 3268 1429 3353; x_wconf 81' lang='lat' dir='ltr'>videatur,</span> <span class='ocrx_word' id='word_1_293' title='bbox 1453 3268 1600 3344; x_wconf 91' lang='lat' dir='ltr'>eundem</span> <span class='ocrx_word' id='word_1_294' title='bbox 1612 3269 1905 3364; x_wconf 77' lang='lat' dir='ltr'>Agamemnonem</span> <span class='ocrx_word' id='word_1_295' title='bbox 1922 3265 1969 3338; x_wconf 78' lang='lat'>3·</span> 
     </span>
     <span class='ocr_line' id='line_1_32' title="bbox 554 3363 1905 3466; baseline 0.002 -30"><span class='ocrx_word' id='word_1_296' title='bbox 554 3368 710 3442; x_wconf 76' lang='lat' dir='ltr'>minima</span> <span class='ocrx_word' id='word_1_297' title='bbox 725 3391 804 3444; x_wconf 85' lang='lat' dir='ltr'>cum</span> <span class='ocrx_word' id='word_1_298' title='bbox 820 3371 988 3444; x_wconf 85' lang='lat' dir='ltr'>discordia</span> <span class='ocrx_word' id='word_1_299' title='bbox 1003 3367 1186 3466; x_wconf 87' lang='lat' dir='ltr'>fietiposle.</span> <span class='ocrx_word' id='word_1_300' title='bbox 1211 3377 1566 3447; x_wconf 88' lang='lat' dir='ltr'>ltemcornmemorat,</span> <span class='ocrx_word' id='word_1_301' title='bbox 1588 3363 1905 3460; x_wconf 86' lang='lat' dir='ltr'>quoddurnissum·</span> 
     </span>
     <span class='ocr_line' id='line_1_33' title="bbox 571 3461 1905 3562; baseline -0.001 -25"><span class='ocrx_word' id='word_1_302' title='bbox 571 3487 648 3537; x_wconf 87' lang='lat' dir='ltr'>mus</span> <span class='ocrx_word' id='word_1_303' title='bbox 665 3466 850 3557; x_wconf 88' lang='lat' dir='ltr'>imperator</span> <span class='ocrx_word' id='word_1_304' title='bbox 862 3467 962 3550; x_wconf 88' lang='lat' dir='ltr'>esset,</span> <span class='ocrx_word' id='word_1_305' title='bbox 983 3489 1034 3539; x_wconf 88' lang='lat' dir='ltr'>res</span> <span class='ocrx_word' id='word_1_306' title='bbox 1050 3465 1203 3562; x_wconf 91' lang='lat' dir='ltr'>prospere</span> <span class='ocrx_word' id='word_1_307' title='bbox 1214 3464 1312 3562; x_wconf 85' lang='lat' dir='ltr'>gestae</span> <span class='ocrx_word' id='word_1_308' title='bbox 1326 3464 1407 3548; x_wconf 81' lang='lat' dir='ltr'>lint,</span> <span class='ocrx_word' id='word_1_309' title='bbox 1431 3475 1465 3538; x_wconf 83' lang='lat' dir='ltr'>tlt</span> <span class='ocrx_word' id='word_1_310' title='bbox 1479 3461 1556 3536; x_wconf 73' lang='lat' dir='ltr'>bris</span> <span class='ocrx_word' id='word_1_311' title='bbox 1578 3461 1707 3536; x_wconf 87' lang='lat' dir='ltr'>felicem</span> <span class='ocrx_word' id='word_1_312' title='bbox 1723 3462 1905 3536; x_wconf 86' lang='lat' dir='ltr'>exercitum</span> 
     </span>
     <span class='ocr_line' id='line_1_34' title="bbox 565 3556 1906 3665; baseline 0.001 -31"><span class='ocrx_word' id='word_1_313' title='bbox 565 3557 677 3634; x_wconf 82' lang='lat' dir='ltr'>inille:</span> <span class='ocrx_word' id='word_1_314' title='bbox 695 3561 781 3636; x_wconf 79' lang='lat' dir='ltr'>sicui</span> <span class='ocrx_word' id='word_1_315' title='bbox 793 3565 876 3665; x_wconf 84' lang='lat' dir='ltr'>quid</span> <span class='ocrx_word' id='word_1_316' title='bbox 891 3564 1156 3646; x_wconf 81' lang='lat' dir='ltr'>aliudvideatur,</span> <span class='ocrx_word' id='word_1_317' title='bbox 1181 3561 1291 3638; x_wconf 87' lang='lat' dir='ltr'>dicere</span> <span class='ocrx_word' id='word_1_318' title='bbox 1300 3559 1427 3639; x_wconf 85' lang='lat' dir='ltr'>suadet.</span> <span class='ocrx_word' id='word_1_319' title='bbox 1458 3563 1592 3657; x_wconf 84' lang='lat' dir='ltr'>Omnes</span> <span class='ocrx_word' id='word_1_320' title='bbox 1603 3556 1906 3658; x_wconf 67' lang='lat' dir='ltr'>assentiunt,Ag23</span> 
     </span>
    </p>
   </div>
   <div class='ocr_carea' id='block_1_2' title="bbox 1130 3735 1327 3809">
    <p class='ocr_par' dir='ltr' id='par_1_10' title="bbox 1130 3735 1327 3809">
     <span class='ocr_line' id='line_1_35' title="bbox 1130 3735 1327 3809; baseline -0.015 0"><span class='ocrx_word' id='word_1_321' title='bbox 1130 3735 1327 3809; x_wconf 66' lang='lat' dir='ltr'>Notm</span> 
     </span>
    </p>
   </div>
   <div class='ocr_carea' id='block_1_3' title="bbox 539 3889 1903 4876">
    <p class='ocr_par' dir='ltr' id='par_1_11' title="bbox 539 3889 1903 4876">
     <span class='ocr_line' id='line_1_36' title="bbox 539 3889 1903 3970; baseline 0.005 -21"><span class='ocrx_word' id='word_1_322' title='bbox 539 3891 642 3951; x_wconf 81' lang='lat' dir='ltr'>&#39;Nota</span> <span class='ocrx_word' id='word_1_323' title='bbox 660 3914 789 3960; x_wconf 81' lang='lat' dir='ltr'>moremt</span> <span class='ocrx_word' id='word_1_324' title='bbox 819 3914 892 3954; x_wconf 83' lang='lat' dir='ltr'>auno</span> <span class='ocrx_word' id='word_1_325' title='bbox 912 3897 1092 3956; x_wconf 85' lang='lat' dir='ltr'>redeunte&amp;</span> <span class='ocrx_word' id='word_1_326' title='bbox 1114 3898 1213 3957; x_wconf 85' lang='lat' dir='ltr'>endem</span> <span class='ocrx_word' id='word_1_327' title='bbox 1251 3897 1319 3956; x_wconf 91' lang='lat' dir='ltr'>bum</span> <span class='ocrx_word' id='word_1_328' title='bbox 1339 3897 1495 3960; x_wconf 77' lang='lat' dir='ltr'>iMeuelao</span> <span class='ocrx_word' id='word_1_329' title='bbox 1512 3899 1644 3963; x_wconf 78' lang='lat' dir='ltr'>occisum·</span> <span class='ocrx_word' id='word_1_330' title='bbox 1681 3892 1837 3970; x_wconf 76' lang='lat' dir='ltr'>Videepud</span> <span class='ocrx_word' id='word_1_331' title='bbox 1849 3889 1903 3952; x_wconf 80' lang='lat' dir='ltr'>Di·</span> 
     </span>
     <span class='ocr_line' id='line_1_37' title="bbox 565 3970 1328 4052; baseline 0.005 -22"><span class='ocrx_word' id='word_1_332' title='bbox 565 3971 656 4031; x_wconf 76' lang='lat' dir='ltr'>dread</span> <span class='ocrx_word' id='word_1_333' title='bbox 671 3974 775 4032; x_wconf 85' lang='lat' dir='ltr'>mortui</span> <span class='ocrx_word' id='word_1_334' title='bbox 790 3970 964 4050; x_wconf 69' lang='lat' dir='ltr'>sepulcri-um</span> <span class='ocrx_word' id='word_1_335' title='bbox 981 3974 1169 4036; x_wconf 52' lang='lat' dir='ltr'>conveniunt»</span> <span class='ocrx_word' id='word_1_336' title='bbox 1252 3976 1328 4052; x_wconf 64' lang='lat' dir='ltr'>Cipo.</span> 
     </span>
     <span class='ocr_line' id='line_1_38' title="bbox 561 4045 1901 4133; baseline 0 -27"><span class='ocrx_word' id='word_1_337' title='bbox 561 4110 565 4118; x_wconf 29' lang='lat'><strong>¹</strong></span> <span class='ocrx_word' id='word_1_338' title='bbox 606 4065 643 4122; x_wconf 79' lang='lat'>72</span> <span class='ocrx_word' id='word_1_339' title='bbox 662 4059 704 4108; x_wconf 86' lang='lat' dir='ltr'>De</span> <span class='ocrx_word' id='word_1_340' title='bbox 722 4053 858 4110; x_wconf 80' lang='lat' dir='ltr'>conditione</span> <span class='ocrx_word' id='word_1_341' title='bbox 874 4047 1013 4124; x_wconf 69' lang='lat' dir='ltr'>Achillis]</span> <span class='ocrx_word' id='word_1_342' title='bbox 1035 4052 1090 4110; x_wconf 86' lang='lat' dir='ltr'>Hic</span> <span class='ocrx_word' id='word_1_343' title='bbox 1103 4051 1214 4128; x_wconf 84' lang='lat' dir='ltr'>proprie</span> <span class='ocrx_word' id='word_1_344' title='bbox 1289 4054 1328 4127; x_wconf 76' lang='lat'>76</span> <span class='ocrx_word' id='word_1_345' title='bbox 1347 4059 1466 4133; x_wconf 70' lang='lat' dir='ltr'>Eamque</span> <span class='ocrx_word' id='word_1_346' title='bbox 1490 4050 1638 4112; x_wconf 72' lang='lat' dir='ltr'>Palamedes</span> <span class='ocrx_word' id='word_1_347' title='bbox 1662 4045 1813 4120; x_wconf 64' lang='lat' dir='ltr'>benficia]</span> <span class='ocrx_word' id='word_1_348' title='bbox 1846 4045 1901 4106; x_wconf 82' lang='lat' dir='ltr'>Sed</span> 
     </span>
     <span class='ocr_line' id='line_1_39' title="bbox 564 4121 1901 4198; baseline 0.001 -18"><span class='ocrx_word' id='word_1_349' title='bbox 564 4121 705 4198; x_wconf 87' lang='lat' dir='ltr'>loquitur,</span> <span class='ocrx_word' id='word_1_350' title='bbox 726 4132 753 4188; x_wconf 89' lang='lat' dir='ltr'>id</span> <span class='ocrx_word' id='word_1_351' title='bbox 767 4130 820 4193; x_wconf 85' lang='lat' dir='ltr'>ess,</span> <span class='ocrx_word' id='word_1_352' title='bbox 840 4131 874 4188; x_wconf 89' lang='lat' dir='ltr'>de</span> <span class='ocrx_word' id='word_1_353' title='bbox 886 4129 1047 4188; x_wconf 88' lang='lat' dir='ltr'>conditione</span> <span class='ocrx_word' id='word_1_354' title='bbox 1061 4129 1094 4188; x_wconf 84' lang='lat' dir='ltr'>eb</span> <span class='ocrx_word' id='word_1_355' title='bbox 1108 4127 1214 4188; x_wconf 77' lang='lat' dir='ltr'>Achille</span> <span class='ocrx_word' id='word_1_356' title='bbox 1251 4131 1297 4190; x_wconf 84' lang='lat' dir='ltr'>alii</span> <span class='ocrx_word' id='word_1_357' title='bbox 1316 4149 1415 4190; x_wconf 74' lang='lat' dir='ltr'>omnes</span> <span class='ocrx_word' id='word_1_358' title='bbox 1438 4147 1504 4192; x_wconf 89' lang='lat' dir='ltr'>eum</span> <span class='ocrx_word' id='word_1_359' title='bbox 1524 4130 1539 4188; x_wconf 74' lang='lat' dir='ltr'>A</span> <span class='ocrx_word' id='word_1_360' title='bbox 1562 4125 1686 4186; x_wconf 82' lang='lat' dir='ltr'>Patroclo</span> <span class='ocrx_word' id='word_1_361' title='bbox 1705 4124 1830 4184; x_wconf 85' lang='lat' dir='ltr'>occisum</span> <span class='ocrx_word' id='word_1_362' title='bbox 1856 4124 1901 4182; x_wconf 89' lang='lat' dir='ltr'>di·</span> 
     </span>
     <span class='ocr_line' id='line_1_40' title="bbox 563 4199 1900 4286; baseline -0.004 -22"><span class='ocrx_word' id='word_1_363' title='bbox 563 4199 663 4264; x_wconf 76' lang='lat' dir='ltr'>oblata,</span> <span class='ocrx_word' id='word_1_364' title='bbox 702 4205 834 4266; x_wconf 88' lang='lat' dir='ltr'>Conditio</span> <span class='ocrx_word' id='word_1_365' title='bbox 846 4219 940 4266; x_wconf 81' lang='lat' dir='ltr'>eutem</span> <span class='ocrx_word' id='word_1_366' title='bbox 950 4207 1062 4286; x_wconf 82' lang='lat' dir='ltr'>proprie</span> <span class='ocrx_word' id='word_1_367' title='bbox 1080 4207 1118 4265; x_wconf 91' lang='lat' dir='ltr'>ell</span> <span class='ocrx_word' id='word_1_368' title='bbox 1138 4205 1215 4285; x_wconf 56' lang='lat' dir='ltr'>quaess</span> <span class='ocrx_word' id='word_1_369' title='bbox 1251 4225 1328 4269; x_wconf 84' lang='lat' dir='ltr'>eunt.</span> <span class='ocrx_word' id='word_1_370' title='bbox 1368 4210 1441 4270; x_wconf 90' lang='lat' dir='ltr'>Vide</span> <span class='ocrx_word' id='word_1_371' title='bbox 1460 4210 1578 4266; x_wconf 84' lang='lat' dir='ltr'>Homer.</span> <span class='ocrx_word' id='word_1_372' title='bbox 1596 4205 1717 4264; x_wconf 63' lang='lat' dir='ltr'>Iliada.</span> <span class='ocrx_word' id='word_1_373' title='bbox 1756 4201 1810 4261; x_wconf 91' lang='lat' dir='ltr'>Adi</span> <span class='ocrx_word' id='word_1_374' title='bbox 1828 4202 1900 4279; x_wconf 87' lang='lat' dir='ltr'>apud</span> 
     </span>
     <span class='ocr_line' id='line_1_41' title="bbox 562 4279 1365 4365; baseline 0.01 -29"><span class='ocrx_word' id='word_1_375' title='bbox 562 4279 629 4336; x_wconf 73' lang='lat' dir='ltr'>dam</span> <span class='ocrx_word' id='word_1_376' title='bbox 642 4281 799 4350; x_wconf 79' lang='lat' dir='ltr'>nuptiarum</span> <span class='ocrx_word' id='word_1_377' title='bbox 816 4285 916 4358; x_wconf 66' lang='lat' dir='ltr'>pastio.</span> <span class='ocrx_word' id='word_1_378' title='bbox 1254 4287 1365 4365; x_wconf 68' lang='lat' dir='ltr'>Distyn.</span> 
     </span>
     <span class='ocr_line' id='line_1_42' title="bbox 601 4353 1900 4439; baseline 0.002 -30"><span class='ocrx_word' id='word_1_379' title='bbox 601 4371 636 4427; x_wconf 76' lang='lat'>73</span> <span class='ocrx_word' id='word_1_380' title='bbox 658 4353 755 4412; x_wconf 74' lang='lat' dir='ltr'>Eadem</span> <span class='ocrx_word' id='word_1_381' title='bbox 779 4359 887 4416; x_wconf 64' lang='lat' dir='ltr'>necub-</span> <span class='ocrx_word' id='word_1_382' title='bbox 911 4379 965 4436; x_wconf 79' lang='lat' dir='ltr'>qaa</span> <span class='ocrx_word' id='word_1_383' title='bbox 989 4383 1052 4420; x_wconf 82' lang='lat' dir='ltr'>cnm</span> <span class='ocrx_word' id='word_1_384' title='bbox 1070 4363 1207 4438; x_wconf 71' lang='lat' dir='ltr'>Priame]</span> <span class='ocrx_word' id='word_1_385' title='bbox 1287 4384 1322 4439; x_wconf 82' lang='lat'>77</span> <span class='ocrx_word' id='word_1_386' title='bbox 1345 4361 1500 4420; x_wconf 69' lang='lat' dir='ltr'>alexmaer</span> <span class='ocrx_word' id='word_1_387' title='bbox 1514 4364 1587 4420; x_wconf 80' lang='lat' dir='ltr'>Paris</span> <span class='ocrx_word' id='word_1_388' title='bbox 1592 4358 1697 4436; x_wconf 72' lang='lat' dir='ltr'>sagitta</span> <span class='ocrx_word' id='word_1_389' title='bbox 1709 4369 1797 4432; x_wconf 71' lang='lat' dir='ltr'>eorpus</span> <span class='ocrx_word' id='word_1_390' title='bbox 1809 4370 1900 4414; x_wconf 80' lang='lat' dir='ltr'>traau-</span> 
     </span>
     <span class='ocr_line' id='line_1_43' title="bbox 562 4423 1898 4518; baseline 0.003 -30"><span class='ocrx_word' id='word_1_391' title='bbox 562 4429 675 4488; x_wconf 82' lang='lat' dir='ltr'>Heeube</span> <span class='ocrx_word' id='word_1_392' title='bbox 686 4423 765 4488; x_wconf 85' lang='lat' dir='ltr'>servo</span> <span class='ocrx_word' id='word_1_393' title='bbox 776 4431 841 4500; x_wconf 79' lang='lat' dir='ltr'>dicit</span> <span class='ocrx_word' id='word_1_394' title='bbox 855 4439 968 4498; x_wconf 83' lang='lat' dir='ltr'>eadem,</span> <span class='ocrx_word' id='word_1_395' title='bbox 989 4459 1050 4518; x_wconf 72' lang='lat' dir='ltr'>que</span> <span class='ocrx_word' id='word_1_396' title='bbox 1060 4440 1209 4502; x_wconf 84' lang='lat' dir='ltr'>euml’rin-</span> <span class='ocrx_word' id='word_1_397' title='bbox 1240 4437 1337 4516; x_wconf 62' lang='lat' dir='ltr'>figet]</span> <span class='ocrx_word' id='word_1_398' title='bbox 1356 4436 1423 4496; x_wconf 89' lang='lat' dir='ltr'>Nus</span> <span class='ocrx_word' id='word_1_399' title='bbox 1438 4456 1501 4497; x_wconf 82' lang='lat' dir='ltr'>uem</span> <span class='ocrx_word' id='word_1_400' title='bbox 1515 4439 1578 4496; x_wconf 80' lang='lat' dir='ltr'>alibl</span> <span class='ocrx_word' id='word_1_401' title='bbox 1591 4437 1685 4508; x_wconf 86' lang='lat' dir='ltr'>legere</span> <span class='ocrx_word' id='word_1_402' title='bbox 1696 4435 1794 4508; x_wconf 79' lang='lat' dir='ltr'>pollis,</span> <span class='ocrx_word' id='word_1_403' title='bbox 1814 4435 1849 4491; x_wconf 85' lang='lat' dir='ltr'>eb</span> <span class='ocrx_word' id='word_1_404' title='bbox 1862 4435 1898 4488; x_wconf 91' lang='lat' dir='ltr'>A·</span> 
     </span>
     <span class='ocr_line' id='line_1_44' title="bbox 542 4455 1898 4584; baseline -0.017 2"><span class='ocrx_word' id='word_1_405' title='bbox 542 4525 610 4576; x_wconf 71' lang='lat'>1⁸²⁰</span> <span class='ocrx_word' id='word_1_406' title='bbox 623 4515 723 4584; x_wconf 61' lang='lat' dir='ltr'>‘dmi-</span> <span class='ocrx_word' id='word_1_407' title='bbox 1247 4518 1378 4575; x_wconf 81' lang='lat' dir='ltr'>lexandto</span> <span class='ocrx_word' id='word_1_408' title='bbox 1391 4455 1567 4574; x_wconf 72' lang='lat' dir='ltr'>Piiamedern</span> <span class='ocrx_word' id='word_1_409' title='bbox 1587 4510 1761 4570; x_wconf 77' lang='lat' dir='ltr'>uulneratum</span> <span class='ocrx_word' id='word_1_410' title='bbox 1782 4509 1898 4572; x_wconf 82' lang='lat' dir='ltr'>&amp;rictu-</span> 
     </span>
     <span class='ocr_line' id='line_1_45' title="bbox 600 4583 1900 4666; baseline 0.001 -25"><span class='ocrx_word' id='word_1_411' title='bbox 600 4604 639 4659; x_wconf 84' lang='lat'>74</span> <span class='ocrx_word' id='word_1_412' title='bbox 658 4585 753 4658; x_wconf 75' lang='lat' dir='ltr'>Uersa]</span> <span class='ocrx_word' id='word_1_413' title='bbox 774 4583 872 4648; x_wconf 81' lang='lat' dir='ltr'>ldeil.</span> <span class='ocrx_word' id='word_1_414' title='bbox 892 4607 985 4666; x_wconf 82' lang='lat' dir='ltr'>quere.</span> <span class='ocrx_word' id='word_1_415' title='bbox 1102 4643 1106 4664; x_wconf 86' lang='grc'>,</span> <span class='ocrx_word' id='word_1_416' title='bbox 1247 4593 1335 4654; x_wconf 85' lang='lat' dir='ltr'>deira</span> <span class='ocrx_word' id='word_1_417' title='bbox 1348 4591 1483 4651; x_wconf 70' lang='lat' dir='ltr'>messum.</span> <span class='ocrx_word' id='word_1_418' title='bbox 1520 4591 1574 4649; x_wconf 78' lang='lat' dir='ltr'>Sed</span> <span class='ocrx_word' id='word_1_419' title='bbox 1588 4589 1625 4648; x_wconf 91' lang='lat' dir='ltr'>de</span> <span class='ocrx_word' id='word_1_420' title='bbox 1637 4587 1698 4666; x_wconf 81' lang='lat' dir='ltr'>ejus</span> <span class='ocrx_word' id='word_1_421' title='bbox 1710 4599 1817 4652; x_wconf 87' lang='lat' dir='ltr'>morte,</span> <span class='ocrx_word' id='word_1_422' title='bbox 1836 4584 1900 4643; x_wconf 77' lang='lat' dir='ltr'>tide</span> 
     </span>
     <span class='ocr_line' id='line_1_46' title="bbox 580 4665 1744 4750; baseline 0.007 -31"><span class='ocrx_word' id='word_1_423' title='bbox 580 4681 635 4750; x_wconf 69' lang='lat'>⁸75·</span> <span class='ocrx_word' id='word_1_424' title='bbox 655 4668 690 4720; x_wconf 75' lang='lat' dir='ltr'>Pr</span> <span class='ocrx_word' id='word_1_425' title='bbox 715 4683 777 4720; x_wconf 79' lang='lat' dir='ltr'>eam</span> <span class='ocrx_word' id='word_1_426' title='bbox 803 4665 972 4740; x_wconf 67' lang='lat' dir='ltr'>estruem]</span> <span class='ocrx_word' id='word_1_427' title='bbox 1004 4665 1048 4724; x_wconf 90' lang='lat' dir='ltr'>Ab</span> <span class='ocrx_word' id='word_1_428' title='bbox 1067 4668 1126 4728; x_wconf 81' lang='lat' dir='ltr'>aliis</span> <span class='ocrx_word' id='word_1_429' title='bbox 1145 4688 1210 4730; x_wconf 88' lang='lat' dir='ltr'>om·</span> <span class='ocrx_word' id='word_1_430' title='bbox 1246 4673 1320 4748; x_wconf 82' lang='lat' dir='ltr'>apud</span> <span class='ocrx_word' id='word_1_431' title='bbox 1335 4669 1459 4744; x_wconf 67' lang='lat' dir='ltr'>Didyn..</span> <span class='ocrx_word' id='word_1_432' title='bbox 1739 4675 1744 4684; x_wconf 91' lang='lat'>&#39;</span> 
     </span>
     <span class='ocr_line' id='line_1_47' title="bbox 556 4735 1896 4872; baseline 0.003 -78"><span class='ocrx_word' id='word_1_433' title='bbox 556 4737 637 4798; x_wconf 76' lang='lat' dir='ltr'>arbua</span> <span class='ocrx_word' id='word_1_434' title='bbox 670 4739 810 4806; x_wconf 75' lang='lat' dir='ltr'>discedit.</span> <span class='ocrx_word' id='word_1_435' title='bbox 853 4743 903 4824; x_wconf 78' lang='lat' dir='ltr'>qui</span> <span class='ocrx_word' id='word_1_436' title='bbox 932 4741 1053 4806; x_wconf 74' lang='lat' dir='ltr'>subeat</span> <span class='ocrx_word' id='word_1_437' title='bbox 1083 4747 1208 4822; x_wconf 86' lang='lat' dir='ltr'>Deipho·</span> <span class='ocrx_word' id='word_1_438' title='bbox 1288 4751 1327 4823; x_wconf 76' lang='lat'>78</span> <span class='ocrx_word' id='word_1_439' title='bbox 1345 4745 1424 4827; x_wconf 72' lang='lat' dir='ltr'>Ajatt</span> <span class='ocrx_word' id='word_1_440' title='bbox 1435 4745 1598 4806; x_wconf 75' lang='lat' dir='ltr'>Telamonius</span> <span class='ocrx_word' id='word_1_441' title='bbox 1610 4741 1740 4819; x_wconf 73' lang='lat' dir='ltr'>farriffim</span> <span class='ocrx_word' id='word_1_442' title='bbox 1751 4735 1896 4872; x_wconf 56' lang='grc' dir='ltr'>Μαᾶἒ]</span> 
     </span>
     <span class='ocr_line' id='line_1_48' title="bbox 1205 4833 1898 4876; baseline -0.001 1"><span class='ocrx_word' id='word_1_443' title='bbox 1205 4840 1211 4853; x_wconf 90' lang='grc'><strong><em>·</em></strong></span> <span class='ocrx_word' id='word_1_444' title='bbox 1877 4833 1898 4876; x_wconf 83' lang='grc' dir='ltr'><strong><em>ι</em></strong></span> 
     </span>
    </p>
   </div>
   <div class='ocr_carea' id='block_1_4' title="bbox 0 0 2330 5492">
    <p class='ocr_par' dir='ltr' id='par_1_12' title="bbox 0 0 2330 5492">
     <span class='ocr_line' id='line_1_49' title="bbox 0 0 2330 5492; baseline 0 12"><span class='ocrx_word' id='word_1_445' title='bbox 0 0 2330 5492; x_wconf 95' lang='lat' dir='ltr'> </span> 
     </span>
    </p>
   </div>
  </div>
 </body>
</html>
