4650 5492
630 399 787 496 quedam
804 399 1130 498 proferemus-mox,
1155 391 1435 483 molendinus,
1457 395 1972 510 SeptimiumexGreeoDid‘ye.

633 497 720 570 hanc
741 497 952 570 concinnasse
972 497 1174 572 Verfionem.

593 623 605 658 ι
680 591 745 663 ΙΧ.’
766 592 881 666 Multa
893 611 1003 666 tamen
1020 590 1264 678 persanaret,
1286 615 1361 688 que
1375 591 1467 689 apud
1480 589 1642 665 Noslrum
1654 617 1725 666 non
1740 620 1959 694 comparent,

632 691 738 760 multa
754 689 855 762 etiam
873 689 975 762 aliter.
1029 689 1147 762 Peioris
1168 688 1300 780 generis
1316 687 1390 761 sunt
1412 689 1637 772 chutaeos,
1660 697 1696 762 δι
1714 690 1973 792 descriptionee·
2033 711 2036 719 '

633 783 830 856 Graecorum
847 785 1137 882 Troianorumque
1160 789 1296 856 Durum
1314 791 1618 868 redimendarum,
1643 808 1734 881 quas·
1744 793 1900 876 Malelar,
1925 799 1961 866 dt

629 873 738 952 lsa'cus
752 880 1061 977 Porphyrogonitus
1076 881 1197 978 pariter
1210 879 1379 974 exDidlye
1394 877 1529 952 sumsisse
1545 880 1578 950 se
1586 882 1740 966 tradunt,
1762 887 1839 960 licet
1851 889 1959 982 ipsiirr

632 974 741 1046 verbis
763 982 907 1048 multum
929 1001 1068 1074 quoque
1084 979 1170 1048 inter
1187 974 1217 1046 se
1233 972 1311 1068 sepe
1331 973 1469 1060 divers,
1492 983 1528 1045 dr
1547 997 1635 1068 quas
1649 978 1684 1048 in
1701 980 1817 1054 nostro
1837 985 1959 1082 Didye

631 1067 751 1144 srullra
764 1096 912 1167 quares:
937 1099 1006 1169 quo
1021 1089 1217 1170 argumento
1234 1073 1338 1168 Janus
1354 1069 1546 1166 Rutgersiru
1563 1075 1639 1144 Var.
1653 1072 1749 1146 Led.
1764 1099 1868 1158 uno.
1898 1081 1960 1154 ubi

631 1163 713 1242 lsaci
723 1165 886 1266 Porphyr.
895 1171 1108 1242 Charadleres
1121 1187 1161 1238 er
1176 1165 1580 1240 MStoAmlleladamenfi
1593 1168 1742 1252 exhibet,
1758 1174 1959 1250 eumcenset

631 1283 690 1334 aur
703 1265 816 1344 alium,
840 1292 934 1363 quom
948 1267 1170 1345 redhibemus,
1183 1265 1312 1354 balurffe
1325 1263 1454 1358 Dislym
1461 1311 1472 1346 ,
1484 1285 1541 1336 aar
1554 1272 1699 1336 memorio
1710 1265 1842 1361 lapsum,
1858 1297 1958 1368 quarr-

631 1358 744 1449 drsuor
761 1365 954 1434 edocueris
967 1363 982 1431 l
994 1357 1143 1455 Drssyrse
1150 1359 1281 1453 sumfiffi
1297 1361 1384 1432 arcii
1417 1364 1465 1432 At
1478 1385 1558 1434 vtro
1574 1384 1647 1434 non
1660 1364 1714 1436 ille
1727 1381 1886 1450 tautumr
1902 1364 1958 1441 sed

631 1461 664 1526 δι
682 1457 817 1530 Malelas
832 1480 871 1530 ex
889 1459 1014 1552 Druye
1028 1455 1057 1530 se
1072 1479 1132 1530 ees
1145 1456 1309 1550 repetiisse
1324 1456 1428 1528 tradit
1442 1479 1609 1566 Ple-,¹34

677 1553 719 1620 X.
743 1553 1000 1648 Nequemirum
1019 1553 1125 1636 adeo,
1148 1552 1325 1624 inNollro
1339 1573 1763 1650 nonreperrrreos‚.quum
1772 1557 1957 1654 Septimius
2071 1587 2086 1604 ,

628 1641 745 1718 diserte
763 1645 899 1721 testetur
918 1645 947 1721 se
966 1650 1089 1744 Didyn
1106 1651 1262 1720 Graecum
1278 1649 1494 1730 contraxisse,
1517 1655 1552 1720 δι
1564 1650 1634 1740 ejus
1651 1650 1835 1746 posteriora
1847 1676 1958 1740 certa.

654 1759 775 1814 uatuor
787 1747 836 1815 vel
850 1746 1253 1840 quinque,v01uminarn
1272 1747 1374 1815 vnum
1390 1743 1535 1842 redogrffe.
1583 1747 1731 1821 Priorum
1748 1751 1888 1846 quidem
1907 1756 1958 1828 ait

617 1763 655 1930 Ζ
669 1839 935 1934 mndemservuffe
949 1867 1125 1924 nanterum,
1149 1839 1205 1912 sed
1220 1861 1300 1914 cun
1313 1842 1443 1914 delean
1458 1841 1687 1926 hauddubie,
1711 1851 1746 1916 dt
1761 1847 1857 1922 solita
1870 1853 1958 1923 Ver·

626 1923 758 2009 fionum
779 1937 870 2022 illius
893 1939 1056 2033 temporis
1074 1939 1248 2016 libertate.
1276 1953 1316 2006 ut
1329 1942 1380 2008 vel
1397 1959 1439 2008 ex
1457 1937 1588 2009 Rufino
1610 1936 1746 2033 Joseplri
1768 1941 1956 2036 luterptete

627 2032 770 2114 constet,
779 2051 881 2129 atque
890 2035 977 2104 adeo
987 2034 1046 2115 ita,
1059 2051 1097 2103 ut
1105 2033 1141 2104 in
1149 2032 1191 2104 iis
1200 2031 1373 2104 Prioribus
1380 2053 1518 2125 quoque
1525 2035 1972 2130 pretermitteretquaedam,.

625 2129 678 2198 uel
691 2128 819 2223 quibus
832 2150 952 2222 parurn
969 2127 1036 2222 ipse
1049 2127 1289 2207 deledlabatur,
1303 2128 1352 2230 rel
1366 2147 1439 2219 quae
1455 2128 1499 2199 ad
1511 2147 1748 2222 argumentum
1760 2133 1973 2209 ornandum.

624 2239 683 2294 aut
697 2222 921 2298 instruendum
936 2223 1047 2295 minus
1065 2222 1220 2296 censebat
1233 2223 1421 2295 neceslaria·
1455 2225 1546 2298 Nam
1562 2223 1659 2318 quod
1670 2223 1834 2312 affirmat,
1854 2226 1974 2312 seca„

620 2326 671 2390 rur·
684 2325 923 2398 craumersiae
936 2317 1109 2413 dfferuiffr,
1133 2318 1264 2394 iduero
1277 2339 1386 2412 quum
1403 2318 1439 2389 in
1457 2319 1641 2394 reniretsum
1655 2322 1700 2394 de
1721 2340 1800 2396 toto
1819 2325 1955 2401 dicatur

621 2411 782 2510 opusculo
789 2415 921 2504 „cujus
934 2435 1045 2490 tamen
1055 2415 1218 2510 posterior
1233 2435 1308 2509 patr
1322 2415 1494 2486 certissime
1508 2438 1549 2485 ex
1562 2415 1714 2508 pluribus
1727 2422 1954 2496 voluminibut

620 2511 656 2584 in
674 2535 778 2584 unum
794 2511 840 2584 est
853 2515 1044 2592 contrado,
1066 2509 1318 2604 intelligendrm
1331 2531 1416 2603 ergo
1426 2510 1501 2588 ita,
1521 2528 1791 2586 armentrorum
1805 2516 1951 2589 nihilre·

620 2629 697 2682 rum
711 2607 753 2680 de
765 2603 823 2678 suo
838 2605 1012 2703 scripserit,
1035 2625 1094 2679 aur
1108 2604 1242 2678 aliunde
1256 2602 1437 2692 adiment,
1452 2603 1508 2677 sed
1517 2608 1820 2706 nequequidquam
1829 2609 1955 2685 immu-

611 2702 742 2786 taverit
753 2727 793 2776 er
808 2705 869 2784 iis.
893 2725 967 2799 qua
981 2705 1118 2776 Graecus
1132 2701 1316 2797 illeDidlys
1330 2701 1500 2774 memorie
1513 2701 1720 2796 prodiderat.
1743 2705 1846 2781 Certe
1861 2710 1953 2782 enim

616 2797 759 2874 omifilse
778 2823 858 2876 eum
877 2803 1061 2883 nonnulla,
1095 2815 1157 2874 aut
1181 2797 1315 2872 brevius
1341 2793 1547 2891 exposuisse.
1579 2797 1682 2872 etiam
1703 2801 1738 2872 in
1762 2803 1954 2898 prioribus.

463 2951 467 2958 .
619 2893 830 2968 manifestum
846 2919 888 2968 ex
904 2921 967 2977 eo,
990 2893 1089 2992 quod
1102 2901 1262 2992 pleraque
1274 2893 1395 2970 eadem
1408 2891 1767 2991 plane,.sednonnulla
1777 2901 1954 2990 condfiue,

619 2993 795 3086 complura
813 3013 931 3064 tamen
945 2997 1051 3084 longe
1061 2993 1225 3069 uberius„
1237 2991 1408 3071 edisserat,
1431 3013 1536 3081 quam
1550 2995 1687 3066 Malelas
1698 3042 1713 3073 ,
1737 2998 1798 3088 qui
1814 2998 1953 3070 vieiffim

618 3085 788 3182 plerasque
806 3085 975 3158 orationes
994 3087 1135 3180 Diuyos
1158 3085 1361 3180 pretermisit
1374 3131 1395 3164 ‚.
1416 3102 1457 3152 ut
1474 3083 1640 3160 uienosa
1657 3087 1951 3186 chronographia.

668 3187 726 3256 Xl.
751 3181 846 3254 Prius
860 3183 958 3262 illud.
983 3200 1022 3255 ut
1038 3199 1171 3274 pareat,
1194 3179 1324 3274 liquido
1339 3179 1545 3254 declaratum
1558 3177 1654 3252 dabo
1668 3203 1708 3252 ex
1721 3184 1970 3283 uuoDidlyoo

616 3278 723 3356 loco.
747 3285 781 3350 δι
800 3277 845 3350 ira
864 3277 958 3352 fimus
975 3277 1165 3352 Historiam
1183 3275 1256 3362 eius
1271 3276 1368 3358 loci,
1381 3271 1512 3347 concise
1530 3276 1660 3360 &ideo
1676 3279 1837 3377 ambigue
1852 3284 1959 3360 nimie

620 3371 808 3456 traditam,
821 3375 1010 3448 illustrabo
1030 3365 1163 3448 *Refert
1179 3369 1301 3466 Distys
1320 3371 1377 3445 lib.
1396 3395 1423 3440 ι.
1444 3391 1517 3466 cap.
1532 3395 1564 3463 3.
1611 3373 1804 3450 Pariorum
1824 3381 1952 3458 Helena

611 3463 818 3566 prgientem,
832 3471 984 3562 ‚abstuliffir
997 3479 1086 3542 eriam
1095 3469 1497 3577 AErbrurrrwymenam,
1508 3469 1648 3585 Menelai
1658 3466 1766 3570 affines
1776 3522 1785 3551 ,
1797 3473 1952 3565 (sideest,

617 3563 1953 3760 illinus?’2l35'5lsllslllsl‘rsslrll{suillis

609 3777 828 3854 permoverat,
850 3762 943 3832 multu
958 3761 1201 3857 ampliusramerr
1213 3760 1249 3827 ob
1261 3765 1411 3846 injuriam
1420 3757 1580 3842 Adfirrr'um
1591 3803 1603 3837 ,
1614 3758 1792 3850 quarfirpm
1803 3785 1950 3834 numera.

616 3861 736 3936 vimus,
758 3856 1010 3948 consternabatur,
1040 3863 1155 3942 Qum
1168 3853 1204 3920 iu
1217 3847 1444 3940 superioribus
1456 3848 1593 3920 nihildt
1608 3847 1694 3924 hisce
1708 3853 1873 3948 Affinibur'
1885 3880 1950 3930 oce·

618 3968 752 4030 currat,
772 3949 833 4022 nisr
850 3948 1044 4044 quodcum
1061 3949 1188 4018 Helena
1206 3945 1315 4016 absara
1329 3963 1470 4050 quoque
1488 3941 1568 4024 srut,
1593 3967 1772 4040 quumque
1784 3953 1877 4024 nullo
1889 3953 1950 4030 1112

617 4045 743 4118 amoris
758 4043 867 4118 studio
878 4064 937 4116 aut
949 4041 1097 4138 impetu,
1123 4041 1206 4114 srcut
1218 4044 1363 4124 llelena,
1377 4037 1511 4112 suerint
1526 4060 1645 4208 rapte,
1668 4043 1797 4116 &ideo
1812 4048 1951 4141 potius,

618 4155 780 4231 tanquam
794 4141 868 4214 vilia
883 4159 1044 4234 corpora,
1067 4141 1103 4210 in
1117 4135 1308 4210 servitutem
1320 4137 1498 4210 videantur
1508 4135 1552 4208 ab
1579 4140 1679 4216 ιιᾶτ,
1696 4140 1774 4234 quis
1790 4141 1859 4216 lrarc
1874 4167 1950 4220 vem

611 4235 658 4324 bt
674 4235 822 4306 sillone
835 4259 931 4330 parce
946 4234 1038 4309 adeo
1048 4235 1202 4332 errposrte
1213 4235 1308 4307 aliter
1317 4236 1507 4330 acciperet,
1530 4255 1634 4327 quam
1647 4238 1838 4310 Menelaum
1856 4237 1950 4320 fuisse
1967 4278 1988 4331 ·,

613 4331 730 4404 animo
746 4329 994 4407 consternatum
1008 4331 1056 4405 ob
1071 4333 1249 4424 injuriam,
1272 4353 1428 4496 quam'p

611 4424 671 4502 illae
684 4422 834 4502 seminar?
859 4433 902 4500 Ει
915 4429 1017 4500 miror
1030 4427 1116 4511 sane,
1140 4427 1223 4499 nihil
1236 4424 1389 4522 prorsusr
1418 4421 1667 4519 rcalquoquam
1680 4447 1720 4498 ea
1733 4427 1777 4500 de
1790 4453 1827 4508 re
1840 4455 1948 4508 anno·

615 4540 733 4596 tarum.
769 4523 856 4598 Nam
870 4546 964 4596 certe
979 4525 1080 4620 longe
1093 4526 1189 4600 aliter
1202 4521 1300 4596 seres
1317 4520 1451 4598 habuit,
1474 4527 1509 4592 δι
1523 4521 1665 4596 Groecus
1681 4524 1734 4596 ille
1748 4529 1874 4624 Druys
1885 4531 1950 4603 lli·

616 4617 873 4716 lloriamlunm
897 4642 969 4698 non
984 4621 1080 4722 aliter
1097 4621 1256 4720 quidem,
1277 4615 1333 4725 sed
1347 4613 1518 4723 eopiosiur
1531 4633 1647 4724 tamara
1661 4625 1840 4728 egaurarir,
1862 4625 1965 4698 dun-

1100 4772 1105 4783 .
1870 4741 1963 4795 Rom

1418 4326 1486 4401 asse
1502 4325 1629 4401 fuerint
1645 4353 1690 4403 to
1702 4351 1801 4424 raptu
1815 4336 1954 4416 illustret
2023 4365 2029 4374 ·
2091 4345 2095 4351 ’
